@string{iccad = "Proc. Int. Conf. on Computer Aided Design (ICCAD)"}
@string{dac = "Proc. Design Automation Conf. (DAC)"}
@string{eurodac = "Proc. European Design Automation Conf."}
@string{date = "Proc. European Design and Test Conf. (DATE)"}
@string{aspdac = "Proc. Asia South Pacific Design Automation Conf. (ASP-DAC)"}
@string{iccd = "Proc. IEEE Int. Conf. on Computer Design (ICCD)"}
@string{ispd = "Proc.  Int. Symp. on Physical Design (ISPD)"}
@string{cicc = "Proc. IEEE Custom Integrated Circuits Conference (CICC) "}
@string{iscas = "Proc. IEEE Int. Symp. on Circuits and Systems (ISCAS)"}
@string{islped = "Proc. Int. Symp. on Low Power Electronics and Design (ISLPED)"}
@string{iedm = "IEEE International Electron Devices Meeting (IEDM)"}
@string{glvlsi = "Proc. IEEE/ACM International Great Lakes Symposium on VLSI"}
@string{mcmc = "Proc. IEEE Multi-Chip Module Conf."}
@string{icvlsi = "International Conference on VLSI Design"}
@string{isca = "Proc. Int. Symp. on Computer Architecture (ISCA)"}
@string{tcad = "IEEE Trans. on Computer-Aided Design of Integrated Circuits and Systems"}
@string{todaes = "ACM Trans. on Design Automation of Electronics Systems"}
@string{jssc = "IEEE J. Solid-State Circuits"}
@string{tvlsi = "IEEE Trans. on Very Large Scale Integration (VLSI) Systems"}
@string{tcs = "IEEE Trans. on Circuits and Systems"}
@string{tcasI = "IEEE Trans. on Circuits and Systems I: Regular Papers"}
@string{tmit = "IEEE Trans. on Microwave Theory and Techniques"}
@string{tcomp = "IEEE Trans. on Computers"}
@string{integration = "Integration, the VLSI Journal"}
@string{tcasII = "IEEE Trans. on Circuits and Systems II: Analog and Digital Signal Processing"}
@string{bmas = "Proc. IEEE International Workshop on Behavioral Modeling and Simulation (BMAS)"}
@string{aicsp = "Kluwer International Journal on Analog Integrated Circuits and Signal Processing"}
@string{soc = "IEEE Int. System-on-Chip Conf. (SOC)"}
@string{ieice="IEICE Trans. Fundamentals of Electronics, Communications and Computer Sciences"}
@string{mcmc="IEEE Multi-Chip Module Conference"}
@string{jrssb = "Journal of the Royal Statistical Society. Series B (Methodological)"}
@string{assp = "IEEE Trans. Acoustics, Speech, and Signal Processing"}
@string{tsp= "IEEE Trans. on Signal Processing"}
@string{glsvlsi = "Proc. IEEE/ACM International Great Lakes Symposium on VLSI (GLSVLSI)"}
@string{ieeeproc = "Proc. of the IEEE"}
@string{ acc = "Proc. American Control Conference"}
@string{asplos = "Proc. of International Conference on Architectural Support for Programming Languages and Operating Systems (ASPLOS) "}
@string{isqed = "Proc. Int. Symposium. on Quality Electronic Design (ISQED)"}
@string{hpca = "Proc. IEEE Int. Symp. on High-Performance Computer Architecture (HPCA)"}
@string{temm = "Proc. 1st International IEEE Workshop on Thermal Modeling and Management: Chips to Data Centers (TEMM) "}
@string{sigops = "ACM SIGPLAN NOTICES "}
@string{istfa = "35th International Symposium for Testing and Failure Analysis, ISTFA"}
@string{acmcomm="Communications of the ACM"}

%%%%%%%%%%%%%%%%%%%%%%%%%%%%%%%%%%%%%%%%%%%%%%%%%%%%%%%%%%%%%%%%%%%%%%%%%
% publications from our lab
%%%%%%%%%%%%%%%%%%%%%%%%%%%%%%%%%%%%%%%%%%%%%%%%%%%%%%%%%%%%%%%%%%%%%%%%%

@inproceedings{LiuWang:ASPDAC'16,
 author = {Wandi Liu and Hai Wang and Hengyang Zhao and Shujuan Wang and Haibao Chen and Yuzhuo Fu and Jian Ma and Xin Li and Sheldon Tan},
 title = {Thermal Modeling for Energy-Efficient Smart Building With Advanced Overfitting Mitigation Technique},
 booktitle = aspdac,
 year = {2016},
 month = {January},
 location = {Macao, China},
 pages = {417--422}
}

@inproceedings{WangTan:DATE'12,
 author = {Hai Wang and Sheldon Tan and Xue-Xin Liu and Ashish Gupta},
 title = {Runtime power estimator calibration for high-performance microprocessors},
 booktitle = date,
 year = {2012},
 month = {March},
 location = {Dresden, Germany},
 pages = {352--357}
}

@inproceedings{WangTan:DATE'13,
 author = {Hai Wang and Sheldon Tan and Sahana Swarup and Xue-Xin Liu},
 title = {A power-driven thermal sensor placement algorithm for dynamic thermal management},
 booktitle = date,
 year = {2013},
 month = {March},
 location = {Grenoble, France},
 pages = {1215--1220}
}

@inproceedings{MaWang:APCCAS'14,
 author = {Jian Ma and Hai Wang and Sheldon Tan and Chi Zhang and He Tang},
 title = {Hybrid Dynamic Thermal Management Method with Model Predictive Control},
 booktitle = {IEEE Asia Pacific Conference on Circuits and Systems},
 year = {2014},
 month = {November},
 location = {Okinawa, Japan},
}

@ARTICLE{WangTan:TODAES'13,
	author = {Hai Wang and Sheldon Tan and Duo Li and Ashish Gupta and Yuan Yuan},
	journal = todaes,
	title = {Composable Thermal Modeling and Simulation for Architecture-Level Thermal Designs of Multi-core Microprocessors},
	year = {2013},
        month = {March},
        volume = {18},
        number = {2},
        pages = {28:1--28:27},
}

@ARTICLE{WangTan:TODAES'12,
	author = {Hai Wang and Sheldon Tan and Ryan Rakib},
	journal = todaes,
	title = {Compact Modeling of Interconnect Circuits over Wide Frequency Band by Adaptive Complex-Valued Sampling Method},
	year = {2012},
        month = {January},
        volume = {17},
        number = {1},
        pages = {5:1--5:22},
}

@ARTICLE{WangMa:TODAES'16,
	author = {Hai Wang and Jian Ma and Sheldon Tan and Chi Zhang and He Tang and Keheng Huang and Zhenghong Zhang},
	journal = todaes,
	title = {Hierarchical Dynamic Thermal Management Method for High-Performance Many-Core Microprocessors},
	year = {in press},
        OPTmonth = {March},
        OPTvolume = {18},
        OPTnumber = {2},
        OPTpages = {28:1--28:27},
}

@conference{WangTan:ICCAD'11,
author={Hai Wang and Sheldon Tan and Guangdeng Liao and Rafael Quintanilla and Ashish Gupta},
title={Full-chip runtime error-tolerant thermal estimation and prediction for practical thermal management},
booktitle= iccad,
year={2011},
pages = {716--723},
month ={Nov.},
}

@ARTICLE{ShenTan:TODAES'12,
	author = {Ruijing Shen and Sheldon Tan and Hai Wang and Jinjun Xiong},
	journal = todaes,
	title = {Fast Statistical Full-Chip Leakage Analysis for Nanometer {VLSI} Systems},
	year = {2012},
        month = {October},
        volume = {17},
        number = {4},
        pages = {51:1--51:19},
}

%%%%%%%%%%%%%%%%%%%%%%%%%%%%%%%%%%%%%%%%%%%%%%%%%%%%%%%%%%%%%%%%%%%%%%%%%
% other publications
%%%%%%%%%%%%%%%%%%%%%%%%%%%%%%%%%%%%%%%%%%%%%%%%%%%%%%%%%%%%%%%%%%%%%%%%%
@Article{Brooks:MICRO'07,
  author =       {David Brooks and Robert Dick and Russ Joseph and Li Shang},
  title =        {Power, Thermal, and Reliability Modeling in Nanometer-Scale Microprocessors},
  journal =      {IEEE Micro},
  year =         {2007},
  pages =    {49--62},
  volume = {27},
  number = {3},
  month = {May-June},
}

@InProceedings{Brooks:ISCA'01,
  author =       {David Brooks and Margaret Martonosi},
  title =        {Dynamic thermal management for high-performance microprocessors},
  booktitle =    isca,
  pages =    {171-182},
  year =     {2001},
}

@inproceedings{Donald:ISCA'06,
 author = {James Donald and Margaret Martonosi},
 title = {Techniques for Multicore Thermal Management: Classification and New Exploration},
 booktitle = isca,
 year = {2006},
 month = {June},
 location = {Boston, MA, USA},
 pages = {78--88},
}

@InProceedings{Powell:ASPLOS'04,
  author =       {Michael Powell and Mohamed Gomaa and T.N. Vijaykumar},
  title =        {{Heat-and-Run}: Leveraging {SMT} and {CMP} to Manage Power Density Through the Operating System},
  booktitle =    asplos,
  pages =    {260--270},
  year =     {2004},
 month = {October},
 location = {Boston, MA, USA},
}

@inproceedings{Ge:DAC'10,
author = {Yang Ge and Parth Malani and Qinru Qiu},
title = {{Distributed task migration for thermal management in many-core systems}},
booktitle = dac,
year = {2010},
month = {June},
location = {San Diego, CA, USA},
pages = {579--584}
}

@Article{Chantem:TVLSI'11,
  author =       {Thidapat Chantem and Sharon Hu and Robert Dick},
  title =        {Temperature-Aware Scheduling and Assignment for Hard Real-Time Applications on {MPSoCs}},
  journal =     tvlsi,
  year =         {2011},
  volume =   {19},
  number =   {10},
  pages =     {1884--1897},
  month =     {October},
}

@inproceedings{Liu:DATE'12,
author = {Guanglei Liu and Ming Fan and Gang Quan},
title = {Neigbor-Aware Dynamic Thermal Management for Multi-core Platform},
booktitle = date,
year = {2012},
month = {March},
location = {Dresden, Germany},
pages = {187--192}
}

@inproceedings{Ayoub:ISLPED'09,
 author = {Raid Ayoub and Tajana Rosing},
 title = {Predict and Act: Dynamic Thermal Management for Multi-Core Processor},
 booktitle = islped,
 year = {2009},
 pages = {99--104},
 location = {San Francisco, CA, USA},
 month = {August}
 }

@inproceedings{Ebi:ICCAD'09,
 author = {Thomas Ebi and {Mohammad Abdullah} {Al Faruque} and J\"{o}rg Henkel},
 title = {{TAPE}: Thermal-aware agent-based power economy for multi/many-core architectures},
 booktitle = iccad,
 year = {2009},
 location = {San Jose, CA, USA},
 pages = {302--309},
 }

@inproceedings{Skadron:ISCA'03,
 author = {Kevin Skadron and Mircea Stan and Wei Huang and Siva Velusamy and Karthik Sankaranarayanan and David Tarjan},
 title = {Temperature-Aware Microarchitecture},
 booktitle = isca,
 year = {2003},
 pages = {2--13},
 }

@inproceedings{Jayaseelan:ICCAD'09,
 author = {Ramkumar Jayaseelan and Tulika Mitra},
 title = {A hybrid local-global approach for multi-core thermal management},
 booktitle = iccad,
 year = {2009},
 pages = {314--320},
 location = {San Jose, CA, USA},
 }

@Article{Mutapcic:TCASI'09,
  author =       {Almir Mutapcic and Stephen Boyd and Srinivasan Murali and David Atienza and Giovanni {De Micheli} and Rajesh Gupta},
  title =        {Processor Speed Control with Thermal Constraints},
  journal =      tcasI,
  year =         {2009},
  volume =   {56},
  number =   {9},
  pages =     {1994--2007},
  month =     {September},
}

@InProceedings{Brooks:HPCA'04,
  author =       {David Brooks and Margaret Martonosi},
  title =        {Dynamic thermal management for high-performance microprocessors},
  booktitle =    hpca,
  pages =    {171--182},
  year =     {2001},
  month =     {Jan.},
 location = {Monterrey, Mexico},
}

@article{Hanumaiah:TCAD'11,
 author = {Vinay Hanumaiah and Sarma Vrudhula and Karam Chatha},
 title = {Performance optimal online {DVFS} and task migration techniques for thermally constrained multi-core processors},
 journal = tcad,
 volume = {30},
 number = {11},
 year = {2011},
 pages = {1677--1690},
 month =  {November},
 }

@article{Hanumaiah:TCOMP'14,
 author = {Vinay Hanumaiah and Sarma Vrudhula},
 title = {Energy-efficient operation of multicore processors by {DVFS}, task migration, and active cooling},
 journal = tcomp,
 volume = {63},
 number = {2},
 year = {2014},
 pages = {349--360},
 month =  {February},
 }

@book{Wang:MPC_BOOK'09,
      author       = "Liuping Wang",
      title        = "Model Predictive Control System Design and Implementation Using MATLAB",
      publisher    = "Springer",
      year         = "2009",
}

@inproceedings{Zanini:ECCTD'09,
 author = {Francesco Zanini and David Atienza and Luca Benini and Giovanni {De Micheli}},
 title = {Multicore Thermal Management with Model Predictive Control},
 booktitle = {Proc. European Conference on Cicuit Theory and Design},
 year = {2009},
 pages = {90--95},
 location = {Antalya, Turkey},
 }

@inproceedings{Wang:ISCA'09,
 author = {Yefu Wang and Kai Ma and Xiaorui Wang},
 title = {Temperature-Constrained Power Control for Chip Multiprocessors with Online Model Estimation},
 booktitle = isca,
 year = {2009},
 pages = {314--324},
}

@Article{Bartolini:TPDS'13,
  author =       {Andrea Bartolini and Matteo Cacciari and Andrea Tilli and Luca Benini},
  title =        {Thermal and Energy Management of High-Performance Multicores: Distributed and Self-Calibrating Model-Predictive Controller},
  journal =      {IEEE Transactions on Parallel and Distributed Systems},
  year =         {2013},
  volume =   {24},
  number =   {1},
  pages =     {170--183},
  month =     {January},
}

@inproceedings{Bartolini:AAAI'12,
  author =       {Andrea Bartolini and Michele Lombardi and Michela Milano and Luca Benini},
  title =        {Optimization and Controlled Systems: A Case Study on Thermal Aware Workload Dispatching},
  booktitle = {Proc. AAAI Conference on Artificial Intelligence},
 year = {2012},
 pages = {427-433},
}

@inproceedings{Chiou:DAC'06,
 author = {De-Shiuan Chiou and Shih-Hsin Chen and Shih-Chieh Chang and Chingwei Yeh},
 title = {Timing Driven Power Gating},
 booktitle = dac,
 year = {2006},
 pages = {121--124},
 location = {San Francisco, CA},
 }

@Article{Kuhn:NRLQ'55,
  author = {Harold Kuhn},
  title = {The {Hungarian} method for the assignment problem},
  journal = {Naval Research Logistics Quarterly},
  year = {1955},
  volume = {2},
  pages = {83--97}
}

@Article{Munkres:SIAM'57,
  author = {James Munkres},
  title = {Algorithms for the assignment and transportation problems},
  journal = {Journal of the Society for Industrial and Applied Mathematics},
  year = {1957},
  volume = {5},
  number = {1},
  pages = {32--38}
}

@Article{Huang:TVLSI'06,
  author =       {Wei Huang and Shougata Ghosh and Siva Velusamy and Karthik Sankaranarayanan and Kevin Skadron and Mircea R. Stan},
  title =        {{HotSpot}: A Compact Thermal Modeling Methodology for Early-Stage {VLSI} Design},
  journal =      tvlsi,
  year =         {2006},
  pages =    {501--513},
  volume = {14},
  number = {5},
  month = {May},
}

@article{Eguia:TVLSI'11,
 author = {T. Eguia and S. X.-D. Tan and R. Shen and D. Li and  E. H. Pacheco and M. Tirumala and L. Wang},
 title = {General parameterized thermal modeling for high-performance microprocessor design},
 journal = tvlsi,
 OPTvolume = {57},
 OPTnumber = {9},
 year = {2011},
 OPTissn = {1084-4309},
 OPTpages = {750--755},
 }

@Article{Overschee:Auto'94,
  author =               {P.~V.~Overschee and B.~D.~Moor},
  title =                {{N4SID}: Subspace Algorithms for the Identification of Combined Deterministic-Stochastic Systems},
  journal =      {Automatica},
  year =                 {1994},
  OPTkey =               {},
  volume =       {30},
  number =       {1},
  pages =        {75-93},
  OPTnote =      {},
  OPTannote =    {}
}

@BOOK{Katayama:Book'05,
  AUTHOR =       "Tohru Katayama",
  OPTeditor =       "",
  TITLE =        "Subspace Methods for System Identification",
  PUBLISHER =    "Springer",
  YEAR =         "2005",
}

@inproceedings{Brooks:ISCA'00,
 author = {David Brooks and Vivek Tiwari and Margaret Martonosi},
 title = {Wattch: A Framework for Architectural-Level Power Analysis and Optimizations},
 booktitle = isca,
 year = {2000},
 pages = {83--94},
 location = {Vancouver, BC, Canada},
 }

@Article{Henning:IEEEC'00,
  author =               {John L. Henning},
  title =                {{SPEC CPU 2000}: Measuring {CPU} Performance in the New Millennium},
  journal =      {IEEE computer},
  year =                 {2000},
  volume =       {1},
  number = {7},
  pages =        {28--35},
  month =        {July},
}
@inproceedings{Dutt:DAC'96,
  title={A probability-based approach to {VLSI} circuit partitioning},
  author={Dutt, Shantanu and Deng, Wenyong},
  booktitle= dac,
  pages={100--105},
  year={1996},
}

@inproceedings{Kadin:GLSVLSI'09,
  author =       {M. Kadin and S. Reda and A. Uht},
  title =        {Central versus Distributed Dynamic Thermal Management for Multi-Core Processors: Which One Is Better?},
 booktitle = glsvlsi,
 year = {2009},
 pages = {137--140},
 }

@inproceedings{Zanini:ISCAS'11,
 author = {F.~Zanini and D.~Atienza and L.~Benini and G.~{De Micheli}},
 title = {Thermal-Aware System-Level Modeling and Management for Multi-Processor Systems-On-Chip},
 booktitle = iscas,
 year = {2011},
 pages = {2481--2484},
 }

@inproceedings{Fidducia:DAC'82,
 author = {C. Fidducia and R. Mattheyses},
 title = {A linear-time heuristic for improving network partitions},
 booktitle = dac,
 year = {1982},
 pages = {175--181},
 }


@inproceedings{Shafique:DAC'14,
author={ Shafique,Muhammad and Garg, Shelly and Henkel, Jorg and Marculescu, Dinan},
title={The {EDA} challenges in the dark silicon era},
booktitle= dac,
year={2014},
pages = {1--6},
month ={June.},
}

@book{Boyd:Convex_BOOK'06,
      author       = "Stephen Boyd and Lieven Vandenberghe ",
      title        = "Convex Optimization",
      publisher    = "Cambridge University Press",
      year         = "2006",
}

@inproceedings{Pagani:CODES'14,
  title={{TSP}: Thermal Safe Power - Efficient power budgeting for many-core systems in dark silicon},
  author={Pagani, Santiago and Khdr, Heba and Munawar, Waqaas and Chen, Jian Jia and Shafique, Muhammad and Li, Minming and Henkel, Jorg},
  booktitle={Proc. International Conference on Hardware/Software Codesign and System Synthesis (CODES+ISSS)},
  year={2014}
}

@inproceedings{Shafique:CODES'14,
  title={Dark silicon as a challenge for hardware/software co-design},
  author={Muhammad Shafique and Siddharth Garg and Tulika Mitra and Sri Parameswaran and Jorg Henkel},
  booktitle={Proc. International Conference on Hardware/Software Codesign and System Synthesis (CODES+ISSS)},
  year={2014}
}


@inproceedings{Lau:ECTC'09,
  title={Thermal Management of {3D IC} Integration with {TSV} (Through Silicon Via)},
  author={John H. Lau and Tang Gong Yue},
  booktitle={Proc. Electronic Components and Technology Conference (ECTC)},
  pages={635--640},
  year={2009},
}

@inproceedings{Lu:ECTC'09,
  title={Thermo-mechanical reliability of {3-D ICs} containing through silicon vias},
  author={Kuan H. Lu and Xuefeng Zhang and Suk-Kyu Ryu and Jay Im and Rui Huang and Paul S. Ho},
  booktitle={Proc. Electronic Components and Technology Conference (ECTC)},
  pages={630--634},
  year={2009},
}

@inproceedings{Xin:CASoN'10,
  title={Study of power system short-term load forecast based on artificial neural network and genetic algorithm},
  author={Xin-hui, Du and Feng, Tian and Shao-Qiong, Tan},
  booktitle={Computational Aspects of Social Networks (CASoN), 2010 International Conference on},
  pages={725--728},
  year={2010},
  organization={IEEE}
}

@article{Marella:TVLSI'14,
  author={Marella, Sravan K and Sapatnekar, Sachin S},
  title={A Holistic Analysis of Circuit Performance Variations in {3-D ICs} With Thermal and {TSV}-Induced Stress Considerations},
  journal = tvlsi,
  year={2014},
  volume = {23},
  pages = {1308--1321},
  month =  {July}
}

@inproceedings{Xiong:TENCON'05,
  title={Two-phases Parallel Neural Network Algorithm Based on {RPROP}},
  author={Xiong, Zhongyang and Zhang, Yufang and Ou, Ling and Li, Li},
  booktitle={Proc. IEEE TENCON},
  pages={1--6},
  year={2005},
}

@inproceedings{Zou:DATE'13,
  title={Thermomechanical stress-aware management for {3D IC} designs},
  author={Zou, Qiaosha and Zhang, Tao and Kursun, Eren and Xie, Yuan},
  booktitle = date,
  pages={1255--1258},
  year={2013},
}

@article{Chen:MSF'13,
  title={Numerical Simulation of Casting Thermal Stress and Deformation Based on Finite Difference Method},
  author={Chen, Tao and Liao, Dun Ming and Zhou, Jian Xin},
  journal={Materials Science Forum (MSF)},
  volume={762},
  pages={224--229},
  year={2013},
}

@article{Esmaeilzadeh:MICRO'12,
  author={Hadi Esmaeilzadeh and Emily Blem and Renee St. Amant and Karthikeyan Sankaralingam and Doug Burger},
  title={Dark silicon and the end of multicore scaling},
  journal =  {IEEE Micro},
  year={2012},
  volume = {32},
  number = {3},
  pages = {122--134},
  month =  {May}
}

@article{Taylor:MICRO'13,
  author={Michael Taylor},
  title={A Landscape of the New Dark Silicon Design Regime},
  journal =  {IEEE Micro},
  year={2013},
  volume = {33},
  number = {5},
  pages = {8--19},
  month =  {October}
}

@inproceedings{Muthukaruppan:DAC'13,
  title={Hierarchical Power Management for Asymmetric Multi-Core in Dark Silicon Era},
  author={Thannirmalai Somu Muthukaruppan and Mihai Pricopi and Vanchinathan Venkataramani and Tulika Mitra and Sanjay Vishin},
  booktitle= dac,
  year={2013},
 month={May}
}

@inproceedings{Li:ISCA'06,
  title={Design and Management of {3D} Chip Multiprocessors Using Network-in-Memory},
  author={Feihui Li and Chrysostomos Nicopoulos and Thomas Richardson and Yuan Xie and Vijaykrishnan Narayanan and Mahmut Kandemir},
  booktitle= isca,
  pages={130--141},
  year={2006},
}

@inproceedings{Sridhar:ICCAD'10,
  title={{3D-ICE}: Fast compact transient thermal modeling for {3D ICs} with inter-tier liquid cooling},
  author={Arvind Sridhar and Alessandro Vincenzi and Martino Ruggiero and Thomas Brunschwiler and David Atienza},
  booktitle= iccad,
  pages={463--470},
  year={2010},
}

@article{Patti:IEEEPROC'06,
  author={Robert S. Patti},
  title={Three-Dimensional Integrated Circuits and the Future of System-on-Chip Designs},
  journal =  ieeeproc,
  year={2006},
  volume = {94},
  number = {6},
  pages = {1214--1224},
  month =  {June}
}

@article{Jung:TCAD'12,
  author={Moongon Jung and Joydeep Mitra and David Z. Pan and Sung Kyu Lim},
  title={{TSV} Stress-Aware Full-Chip Mechanical Reliability Analysis and Optimization for {3-D IC}},
  journal =  tcad,
  year={2012},
  volume = {31},
  number = {8},
  pages = {1194--1207},
  month =  {August}
}

@article{Jung:ACMCOMM'14,
  author={Moongon Jung and Joydeep Mitra and David Z. Pan and Sung Kyu Lim},
  title={{TSV} Stress-Aware Full-Chip Mechanical Reliability Analysis and Optimization for {3D IC}},
  journal =  acmcomm,
  year={2014},
  volume = {57},
  number = {1},
  pages = {107--115},
  month =  {January}
}

@inproceedings{Cuesta:ISVLSI'10,
  title={Adaptive Task Migration Policies for Thermal control in {MPSoCs}},
  author={David Cuesta and Jose Ayala and Jose Hidalgo and David Atienza and Andrea Acquaviva and Enrico Macii},
  booktitle= {IEEE Annual Symposium on VLSI},
  pages={110--115},
  year={2010},
}

@inproceedings{Khdr:DAC'15,
  title={Thermal Constrained Resource Management
for Mixed {ILP-TLP} Workloads in Dark Silicon Chips},
  author={Heba Khdr and Santiago Pagani and Muhammad Shafique and Jörg Henkel},
  booktitle= dac,
  pages={1--6},
  year={2015},
}

@inproceedings{Cong:ISLPED'12,
  title={Energy-Efficient Scheduling on Heterogeneous Multi-Core Architectures},
  author={Jason Cong and Bo Yuan},
  booktitle= islped,
  pages={345--350},
  year={2012},
}

@inproceedings{Tan:ASPDAC'15,
  title={Approximation-Aware Scheduling on Heterogeneous Multi-core Architectures},
  author={Cheng Tan and Thannirmalai Muthukaruppan and Tulika Mitra and Lei Ju},
  booktitle= aspdac,
  pages={618--623},
  year={2015},
}

@inproceedings{Kao:DAC'98,
  title={{MTCMOS} hierarchical sizing based on mutual exclusive discharge patterns},
  author={James Kao and Siva Narendra and Anantha Chandrakasan},
  booktitle= dac,
  pages={495--500},
  year={1998},
}

@inproceedings{Wallentowitz:FPL'12,
  title={A framework for {Open Tiled Manycore System-On-Chip}},
  author={Stefan Wallentowitz and Andreas Lankes and Aurang Zaib and Thomas Wild and Andreas Herkersdorf},
  booktitle= {Proc. International Conference on Field-programmable Logic and Applications (FPL)},
  pages={535--538},
  year={2012},
}

@ONLINE{OpTiMSoC:Online,
OPTauthor = {},
title = {{OpTiMSoC}},
OPTmonth = jun,
OPTyear = {2009},
url = {http://www.optimsoc.org}
}

@ONLINE{OpenRISC:Online,
OPTauthor = {},
title = {{OpenRISC}},
OPTmonth = jun,
OPTyear = {2009},
url = {http://opencores.org}
}

@ONLINE{build_doe_data:Online,
title = {{Building Energy Data Book of DOE}},
url = {http://buildingsdatabook.eren.doe.gov}
}

@ONLINE{trnsys:Online,
title = {{TRNSYS  -- A transient systems simulation program}},
url = {http://www.trnsys.com/}
}

@inproceedings{Massoumy:ICCPS'13,
author = {Massoumy, M and Zhu, Qi and Li, Cheng and Meggers, F and Sangiovanni-Vincentelli, A},
title = {{Co-design of Control Algorithm and Embedded Platform for Building HVAC Systems }},
booktitle = {International Conference on Cyber Physical Systems (ICCPS)},
year = {2013},
pages = {61--70},
address = {Philadephia, PA},
month = {April}
}

@book{Malkawi:Book'04,
editor = {Malkawi, Ali and Augenbroe, Godfried},
title = {{Advanced Building Simulation}},
publisher = {Spon Press},
year = {2004},
month = {June}
}

@inproceedings{Kim:IBPSA'12,
author = {Kim, D and Braun, J E},
title = {{Reduced-Order Building Modeling For Application to Model-Based Predictive Control}},
booktitle = {5th National Conference of Innational Building Performance Simulation Association (IBPSA-USA)},
year = {2012},
pages = {554--561},
month = aug
}

@inproceedings{Deng:ACC'10,
author = {Deng, Kun and Barooah, Prabir and Mehta, Prashant G and Meyn, Sean P},
title = {{Building Thermal Model Reduction via Aggregation of States}},
booktitle = {American Control Conference},
year = {2010},
pages = {5118--5123},
address = {Baltimore, MD},
month = jun
}

@inproceedings{Eisenhower:DFD'12,
author = {Eisenhower, Bryan and Mezic, Igor},
title = {{Extracting Dynamic Information from Whole-building Energy Models}},
booktitle = {Proc. of Conference on Dynamics for Design (DFD)},
year = {2012},
pages = {3--10},
address = {Chicago, IL},
month = apr
}

@Article{Hua:TAP'89,
  author =       {Y.~Hua and T.K.~Sarkar},
  title =        {Generalized pencil of function method for extracting poles of an EM system from its transient responses},
  journal =      {IEEE Trans. on Antennas and Propagation},
  year =         {1989},
  OPTkey =       {},
  volume =   {37},
  number =   {2},
  pages =    {229-234},
  month =    {Feb.},
}

@article{Crawley:JEB'01,
author = {Crawley, D B and Lawrie, L K and Winkelmann, F C and Buhl, W F and Huang, Y J and Pedersen, C O and Strand, R K and Liesen, R J and Fisher, D E and Witte, M J and Glazer, J},
title = {{EnergyPlus: creating a new-generation building energy simulation program}},
journal = {Energy and Buildings},
year = {2001},
volume = {33},
number = {4},
pages = {319--331},
month = {April}
}

@article{Abdollahi:TVLSI'04,
  author={Afshin Abdollahi and Farzan Fallah and Massoud Pedram},
  title={Leakage current reduction in {CMOS} {VLSI} circuits by input vector control},
  journal =  tvlsi,
  year={2004},
  volume = {12},
  number = {2},
  pages = {140--154},
  month =  {February}
}

@inproceedings{Liu:DATE'07,
  title={Accurate Temperature-Dependent Integrated Circuit Leakage Power Estimation is Easy},
  author={Yongpan Liu and Robert Dick and Li Shang and Huazhong Yang},
  booktitle= date,
  pages={1--6},
  year={2007},
}

@inproceedings{Sarangi:ASPDAC'14,
  title={{LightSim}: A Leakage Aware Ultrafast Temperature Simulator},
  author={Smruti Sarangi and Gayathri Ananthanarayanan and M. Balakrishnan},
  booktitle= aspdac,
  pages={855--860},
  year={2014},
}

@techreport{Liu:BSIM4,
    Author = {Liu, W. and Cao, K.M. and Jin, X. and Hu, Chenming},
    Title = {{BSIM} 4.0.0 Technical Notes},
    Institution = {EECS Department, University of California, Berkeley},
    Year = {2000},
    URL = {http://www.eecs.berkeley.edu/Pubs/TechRpts/2000/3863.html},
    Number = {UCB/ERL M00/39}
}

@Article{Hardavellas:MICRO'11,
  author =       {Nikos Hardavellas and Michael Ferdman and Babak Falsafi and Anastasia Ailamaki},
  title =        {Toward Dark Silicon in Servers},
  journal =      {IEEE Micro},
  year =         {2011},
  pages =    {6--15},
  volume = {31},
  number = {4},
  month = {July},
}

@inproceedings{Taylor:DAC'12,
  title={Is dark silicon useful? Harnessing the four horsemen of the coming dark silicon apocalypse},
  author={Michael Taylor},
  booktitle= dac,
  pages={1131--1136},
  year={2012},
}

@Article{Huang:MICRO'11,
  author =       {Wei Huang and Karthick Rajamani and Mircea Stan and Kevin Skadron},
  title =        {Scaling with Design Constraints: Predicting the Future of Big Chips},
  journal =      {IEEE Micro},
  year =         {2011},
  pages =    {16--29},
  volume = {31},
  number = {4},
  month = {July-August},
}

@article{Choudhary:TVLSI'09,
  author={Puru Choudhary and Diana Marculescu},
  title={Power Management of Voltage/Frequency Island-Based Systems Using Hardware-Based Methods},
  journal = tvlsi,
  year={2009},
  volume = {17},
  number = {3},
  pages = {427--438},
  month =  {March}
}

@article{Lopez-Buedo:TCPT'02,
  author={Sergio Lopez-Buedo and Javier Garrido and Eduardo Boemo},
  title={Dynamically Inserting, Operating, and Eliminating Thermal Sensors of {FPGA}-Based Systems},
  journal = {IEEE Trans. on Components and Packaging Technologies},
  year={2002},
  volume = {25},
  number = {4},
  pages = {561--566},
  month =  {December}
}

@inproceedings{Velusamy:ICCD'05,
  title={Monitoring temperature in {FPGA} based {SoCs}},
  author={Siva Velusamy and Wei Huang and John Lach and Mircea Stan and Kevin Skadron},
  booktitle= iccd,
  pages={634--637},
  year={2005},
}

@article{Chen:TCASI'07,
  author={Poki Chen and Mon-Chau Shie and Zhi-Yuan Zheng and Zi-Fan Zheng and Chun-Yan Chu},
  title={A Fully Digital Time-Domain Smart Temperature Sensor Realized With 140 {FPGA} Logic Elements},
  journal = tcasI,
  year={2007},
  volume = {54},
  number = {12},
  pages = {2661--2668},
  month =  {December}
}

@article{Tibshirani:JRSS'11,
  author={Robert Tibshirani},
  title={Regression shrinkage and selection via the lasso: a retrospective},
  journal = {Journal of the Royal Statistical Society: Series B (Statistical Methodology)},
  year={2011},
  volume = {73},
  number = {3},
  pages = {273--282},
}

@article{Tibshirani:JRSS'96,
  author={Robert Tibshirani},
  title={Regression shrinkage and selection via the lasso},
  journal = {Journal of the Royal Statistical Society: Series B (Statistical Methodology)},
  year={1996},
  volume = {58},
  number = {1},
  pages = {267--288},
}

@inproceedings{Pati:ASILOMAR'93,
  title={Orthogonal matching pursuit: recursive function approximation with applications to wavelet decomposition},
  author={Y. C. Pati and R. Rezaiifar and P. S. Krishnaprasad},
  booktitle= {Proc. Asilomar Conference on Signals, Systems, and Computers},
  pages={40--44},
  year={1993},
}

@article{Cai:TIT'11,
  author={T. Tony Cai and Lie Wang},
  title={Orthogonal Matching Pursuit for Sparse Signal
Recovery With Noise},
  journal = {IEEE Trans. on Information Theory},
  year={2011},
  volume = {57},
  number = {7},
  pages = {4680--4688},
  month =  {July}
}

@article{Liao:TCAD'05,
  author={Weiping Liao and Lei He and Kevin M. Lepak},
  title={Temperature and Supply Voltage Aware Performance
and Power Modeling at Microarchitecture Level},
  journal = tcad,
  year={2005},
  volume = {24},
  number = {7},
  pages = {1042--1053},
  month =  {July}
}

@phdthesis{Bonnoit:THESIS'10,
Author = {Alyssa Bonnoit},
Title = {Reducing Power using Body Biasing in Microprocessors With Dynamic Voltage/Frequency Scaling},
School = {Carnegie Mellon University},
Year = {2010},
}

@inproceedings{Liu:BMAS'06,
  title={An Extended {SVD}-based Terminal and Model Order Reduction Algorithm},
  author={Pu Liu and Sheldon Tan and Boyuan Yan and Bruce McGaughy},
  booktitle= bmas,
  pages={44--49},
  month =  {Septermber},
  year={2006},
}

@article{Christofides:CCE'13,
  author={Panagiotis Christofides and Riccardo Scattolini and David {Munoz de la Pena} and Jinfeng Liu},
  title={Distributed model predictive control: A tutorial review and future research directions},
  journal = {Computers and Chemical Engineering},
  year={2013},
  volume = {51},
  pages = {21--41},
  month =  {April}
}

@inproceedings{Wu:DAC'06,
  title={A systematic method for functional unit power estimation in microprocessors},
  author={Wei Wu and Lingling Jin and Jim Yang and Pu Liu and Sheldon Tan},
  booktitle= dac,
  pages={554--557},
  month =  {June},
  year={2006},
}

@inproceedings{Powell:HPCA'09,
  title={{CAMP}: A technique to estimate per-structure power at run-time using a few simple parameters},
  author={Michael Powell and Arijit Biswas and Joel Emer and Shubhendu Mukherjee and Basit Sheikh and Shrirang Yardi},
  booktitle= hpca,
  pages={289--300},
  month =  {Feburary},
  year={2009},
}

@Article{Goulding-Hotta:MICRO'11,
  author =       {Nathan Goulding-Hotta and Jack Sampson and Ganesh Venkatesh and Saturnino Garcia and Joe Auricchio and Po-Chao Huang and Manish Arora and Siddhartha Nath and Vikram Bhatt and Jonathan Babb and Steven Swanson and Michael Taylor},
  title =        {The {GreenDroid} Mobile Application Processor: An Architecture for Silicon's Dark Future},
  journal =      {IEEE Micro},
  year =         {2011},
  pages =    {86--95},
  volume = {31},
  number = {2},
  month = {March-April},
}

@Article{Dreslinski:IEEEPROC'10,
  author =       {Ronald Dreslinski and Michael Wieckowski and David Blaauw and Dennis Sylvester and Trevor Mudge},
  title =        {Near-Threshold Computing: Reclaiming Moore's Law Through Energy Efficient Integrated Circuits},
  journal =      ieeeproc,
  year =         {2010},
  pages =    {253--266},
  volume = {98},
  number = {2},
  month = {February},
}

@inproceedings{Govindaraju:HPCA'11,
  title={Dynamically Specialized Datapaths for energy efficient computing},
  author={Venkatraman Govindaraju and Chen-Han Ho and Karthikeyan Sankaralingam},
  booktitle= hpca,
  pages={503--514},
  month =  {Feburary},
  year={2011},
}

@inproceedings{Henkel:DAC'15,
  title={New Trends in Dark Silicon},
  author={Jorg Henkel and Heba Khdr and Santiago Pagani and Muhammad Shafique},
  booktitle= dac,
  month =  {June},
  year={2015},
}

@inproceedings{Zhan:DAC'14,
  title={{NoC}-Sprinting: Interconnect for Fine-Grained Sprinting in the Dark Silicon Era},
  author={Jian Zhan and Yuan Xie and Guangyu Sun},
  booktitle= dac,
  month =  {June},
  year={2014},
}

@inproceedings{Bokhari:DAC'14,
  title={{darkNoC}: Designing Energy-Efficient Network-on-Chip with Multi-Vt Cells for Dark Silicon},
  author={Haseeb Bokhari and Haris Javaid and Muhammad Shafique and Jorg Henkel and Sri Parameswaran},
  booktitle= dac,
  month =  {June},
  year={2014},
}

@inproceedings{Shafique:DATE'15,
  title={Variability-aware dark silicon management in on-chip many-core systems},
  author={Muhammad Shafique and Dennis Gnad and Siddharth Garg and Jorg Henkel},
  booktitle= date,
  month =  {March},
  year={2015},
  pages =    {387--392},
}

@inproceedings{Khan:ISLPED'15,
  title={Hierarchical power budgeting for Dark Silicon chips},
  author={Muhammad Khan and Muhammad Shafique and Jorg Henkel},
  booktitle= islped,
  month =  {July},
  year={2015},
  pages =    {213--218},
}

@inproceedings{Kanduri:ICCD'15,
  title={Dark silicon aware runtime mapping for many-core systems: A patterning approach},
  author={Anil Kanduri and Mohammad-Hashem Haghbayan and Amir-Mohammad Rahmani and Pasi Liljeberg and Axel Jantsch and Hannu Tenhunen},
  booktitle= iccd,
  month =  {October},
  year={2015},
  pages =    {573--580},
}

@inproceedings{Mesa-Martinez:ISCA'07,
 author = {Francisco Mesa-Martinez and Joseph Nayfach-Battilana and Jose Renau},
 title = {Power Model Validation Through Thermal Measurements},
 booktitle = isca,
 year = {2007},
 month = {June},
 location = {San Diego, CA, USA},
 pages = {302--311},
}

@inproceedings{Biswas:ISCA'11,
 author = {Susmit Biswas and Mohit Tiwari and Timothy Sherwood},
 title = {Fighting fire with fire: Modeling the datacenter-scale effects of targeted superlattice thermal management},
 booktitle = isca,
 year = {2011},
 month = {June},
 location = {San Jose, CA, USA},
 pages = {331--340},
}

@inproceedings{Lasance:SEMITHERM'95,
 author = {C.~Lasance and H~Vinke and H~Rosten and K.-L.~Weiner},
 title = {A Novel Approach for the Thermal Characterization of Electronic Parts},
 booktitle = {Proceedings of the IEEE 11th Annual Semiconductor Thermal Measurement and Management Symposium},
 year = {1995},
 pages = {1-9},
 location = {San Jose, California},
 }

@Article{Christiaens:TCPMT'98,
  author =       {Filip~Christiaens and Bart~Vandevelde and Eric~Beyne and Robert Mertens and Jan Berghmans},
  title =        {A Generic Methodology for Deriving Compact Dynamic Thermal Models, Applied to the {PSGA} Package},
  journal =      {IEEE Transactions on Components, Packaging, and Manufacturing Technology, Part A},
  year =         {1998},
  OPTkey =       {},
  volume =   {21},
  number =   {4},
  pages =     {565-576},
  month =     {December},
  OPTnote =      {},
  OPTannote =    {}
}

@Article{Augustin:MEJ'05,
  author =       {A.~Augustin and B.~Maj and A.~Kostka},
  title =        {A structure oriented compact thermal model for multiple heat source {ASIC}s},
  journal =      {Mircroelectronics Journal},
  year =         {2005},
  OPTkey =       {},
  volume =   {36},
  number =   {8},
  pages =     {700-704},
  month =     {August},
  OPTnote =      {},
  OPTannote =    {}
}

@Article{Gerstenmaier:MEJ'02,
  author =       {Y.~C.~Gerstenmaier and G.~Wachutka},
  title =        {Rigorous model and network for transient thermal problems},
  journal =      {Mircroelectronics Journal},
  year =         {2002},
  OPTkey =       {},
  volume =   {33},
  issue = {9},
  pages =     {719-725},
  month =     {September},
  OPTnote =      {},
  OPTannote =    {}
}

@Article{Pape:TCPT'04,
  author =       {Heinz Pape and Dirk Schweitzer and John {H. J.} Janssen and Arianna Morelli and Claudio M. Villa},
  title =        {Thermal Transient Modeling and Experimental Validation in the European Project {PROFIT}},
  journal =      {IEEE Tran. on Components and Pacakaging Technologies},
  year =         {2004},
  pages =    {530-538},
  volume = {27},
  number = {3},
  month = {September},
}

@INPROCEEDINGS{Rencz:EPTC'03,
    author = {M.~Rencz and G.~Farkas and V.~Sz\'{e}kely and A.~Poppe and B.~Courtois},
    title = {Boundary Condition Independent Dynamic Compact Models of Packages and Heat Sinks from Thermal Transient Measurements},
    booktitle = {Proceedings of the 5th Electronics Packaging Technology Conference},
    year = {2003},
    pages = {479-484},
}

@article{Li:TODAES'10,
 author = {Li, Duo and Tan, Sheldon X.-D. and Pacheco, Eduardo H. and Tirumala, Murli},
 title = {Parameterized architecture-level dynamic thermal models for multicore microprocessors},
 journal = {ACM Trans. Des. Autom. Electron. Syst.},
 volume = {15},
 number = {2},
 year = {2010},
 issn = {1084-4309},
 pages = {1--22},
 doi = {http://doi.acm.org/10.1145/1698759.1698766},
 publisher = {ACM},
 address = {New York, NY, USA},
 }

@Article{Li:TVLSI'09,
  author =       {D.~Li and S.~X.-D.~Tan and E.~H.~Pacheco and M.~Tirumala},
  title =        {Architecture-level thermal characterization for multi-core microprocessors},
  journal =      tvlsi,
  year =         {2009},
  volume =      {17},
  number =      {10},
  pages = {1495-1507},
  }

@Article{Yang:TCAD'07,
  author =       {Y.~Yang and Z.~P.~Gu and C.~Zhu and R.~P.~Dick and L.~Shang},
  title =        {{ISAC}: Integrated Space and Time Adaptive Chip-Package Thermal Analysis},
  journal =       tcad,
  year =         {2007},
  pages =    {86-99},
  volume = {16},
  number = {1},
}

@Book{Tan:Book'07,
Author="Sheldon X.-D.~Tan and L.~He",
Title="Advanced Model Order Reduction Techniques in {VLSI} Design",
Year="2007",
OPTedition={2nd},
Publisher="Cambridge University Press",
}

@Book{Antoulas:Book'05,
  author =   {A.~C.~Antoulas},
  ALTeditor =    {},
  title =        {Approximation of Large-Scale Dynamical Systems},
  publisher =    {The Society for Industrial and Applied Mathematics (SIAM)},
  year =         {2005},
}

@article{Phillips:TCAD'05,
author={J.~R.~Phillips and L.~M.~Silveira},
title={Poor man's {TBR}: a simple model reduction scheme},
journal = tcad,
pages = {43- 55},
volume = {24},
number = {1},
year = {2005},
}

@Book{Grimme:Thesis'97,
Author="E.~J.~Grimme",
Title="Krylov projection methods for model reduction ({P}h.{D}. {T}hesis)",
Year="1997",
Publisher="University of Illinois at Urbana-Champaign"
}

@conference{Yan:ICCAD'08,
author={B.~Yan and S.~X-.D.~Tan and G.~Chen and L.~Wu},
title={Modeling and simulation for on-chip power grid networks by locally dominant Krylov subspace method},
booktitle= iccad,
pages = {744-749},
year={2008},
}

@article{Pilleggi:TCAD'98,
 title="{PRIMA}: Passive Reduced-order Interconnect Macromodeling Algorithm",
 author="A. Odabasioglu and M. Celik and L.T. Pileggi",
 journal=tcad,
 year="1998",
 pages="645-654",
}

@Misc{ITRS'10,
  key =       {ITRS},
  title =    {International Technology Roadmap for Semiconductors ({ITRS}), 2010 Update},
  year =     2010,
  note =     {http://public.itrs.net}
}

@Article{Gunther:ITJ'01,
  author =       {Stephen Gunther and Frank Binns and Douglas Carmean and Jonathan Hall},
  title =        {Managing the Impact of Increasing Microprocessor Power Consumption},
  journal =      {Intel Technology Journal},
  year =         {2001},
  volume =       {5},
  issue =        {1},
  month =        {February},
}

@Article{Pedram:IEEEPROC'06,
  author =       {M.~ Pedram and S.~Nazarian},
  title =        {Thermal Modeling, Analysis, and Management in {VLSI} Circuits: Principles and Methods},
  journal =      ieeeproc,
  year =         {2006},
  volume =   {94},
  number =   {8},
  pages =    {1487-1501},
  month =    {Aug.},
}

@Article{Li:HPCA'06,
  author =       {Y.~Li and B.~C.~Lee and D.~Brooks and Z.~Hu and K.~Skadron},
  title =        {{CMP} Design Space Exploration Subject to Physical Constraints},
  journal =       {Proc. IEEE Int. Symp. on High Performance Computer Architecture (HPCA)},
  year =         {2006},
  pages =    {15-26},
}

@Misc{IntelMC'06,
  author = {{Intel Corporation}},
  title =    {Intel Multi-Core Processors, Making the move to quad-core and beyond ({W}hite {P}aper)},
  year =     2006,
  note =     {\url{http://www.intel.com/multi-core}}
}

@Misc{AMDMC'06,
  author = {{AMD Inc.}},
  title =    {Multi-Core Processors---The Next Evolution in Computing ({W}hite {P}aper)},
  year =     2006,
  note =     {\url{http://multicore.amd.com}}
}